@manual{bsdSysCalls,
  title        = {BSD System Calls Manual},
  organization = {Berkeley Software Distribution},
}